<record><leader>00000cas a2200000 a 4500</leader><controlfield tag="001">14209136</controlfield><controlfield tag="008">860912d19171920kyudr ne      0    0eng d</controlfield><datafield ind1=" " ind2=" " tag="010"><subfield code="a">sn 86069512 </subfield></datafield><datafield ind1=" " ind2=" " tag="040"><subfield code="a">KNP</subfield><subfield code="b">eng</subfield><subfield code="c">KNP</subfield><subfield code="d">OCL</subfield><subfield code="d">OCLCQ</subfield><subfield code="d">KYUBL</subfield><subfield code="d">OCLCQ</subfield><subfield code="d">OCLCF</subfield><subfield code="d">OCLCO</subfield></datafield><datafield ind1="1" ind2=" " tag="029"><subfield code="a">AU@</subfield><subfield code="b">000025826839</subfield></datafield><datafield ind1=" " ind2=" " tag="042"><subfield code="a">msc</subfield></datafield><datafield ind1=" " ind2=" " tag="043"><subfield code="a">n-us-ky</subfield></datafield><datafield ind1="0" ind2="4" tag="245"><subfield code="a">The News-democrat-messenger.</subfield></datafield><datafield ind1="3" ind2="0" tag="246"><subfield code="a">Sunday news=messenger</subfield></datafield><datafield ind1="1" ind2="3" tag="246"><subfield code="a">Park City daily news democrat messenger</subfield></datafield><datafield ind1=" " ind2=" " tag="260"><subfield code="a">Bowling Green, Ky. :</subfield><subfield code="b">News Pub. Co.</subfield></datafield><datafield ind1=" " ind2=" " tag="300"><subfield code="a">v.</subfield></datafield><datafield ind1=" " ind2=" " tag="310"><subfield code="a">Daily</subfield></datafield><datafield ind1="1" ind2=" " tag="362"><subfield code="a">Began in Jan. 1917; ceased in 1920.</subfield></datafield><datafield ind1=" " ind2=" " tag="500"><subfield code="a">Sunday issues published as: Sunday news=messenger.</subfield></datafield><datafield ind1=" " ind2=" " tag="588"><subfield code="a">Description based on: 54th year., no. 185 (Jan. 10, 1917).</subfield></datafield><datafield ind1=" " ind2="0" tag="651"><subfield code="a">Bowling Green (Ky.)</subfield><subfield code="v">Newspapers.</subfield></datafield><datafield ind1=" " ind2="0" tag="651"><subfield code="a">Warren County (Ky.)</subfield><subfield code="v">Newspapers.</subfield></datafield><datafield ind1=" " ind2="7" tag="655"><subfield code="a">Newspapers.</subfield><subfield code="2">fast</subfield><subfield code="0">(OCoLC)fst01423814</subfield></datafield><datafield ind1=" " ind2="7" tag="651"><subfield code="a">Kentucky</subfield><subfield code="z">Bowling Green.</subfield><subfield code="2">fast</subfield><subfield code="0">(OCoLC)fst01202890</subfield></datafield><datafield ind1=" " ind2="7" tag="651"><subfield code="a">Kentucky</subfield><subfield code="z">Warren County.</subfield><subfield code="2">fast</subfield><subfield code="0">(OCoLC)fst01210670</subfield></datafield><datafield ind1="0" ind2="4" tag="780"><subfield code="t">Park City daily news and democrat</subfield><subfield code="w">(DLC)sn 89058458</subfield></datafield><datafield ind1="0" ind2="0" tag="785"><subfield code="t">Park City daily news</subfield><subfield code="w">(DLC)sn 86069513</subfield></datafield></record>